@inproceedings{popMethod,
  title={A Structured Approach to Performance Analysis},
  author={Wagner, Michael and Mohr, Stephan and Gim{\'e}nez, Judit and Labarta, Jes{\'u}s},
  booktitle={International Workshop on Parallel Tools for High Performance Computing},
  pages={1--15},
  year={2017},
  organization={Springer}
}

@misc{popWeb,
  title={Performance Optimisation and Productivity},
  organization={POP-coe},
  url={https://pop-coe.eu/},
  note={accesed on 26/09/2020}
}

@misc{slurmdocu,
  title={Slurm documentation},
  organization={Slurm},
  url={https://slurm.schedmd.com/documentation.html},
  note={accesed on 23/12/2020}
}

@article{programminModels, 
  title={Models for Parallel Computing: Review and Perspectives}, 
  volume={24}, 
  ISSN={0177-0454}, 
  url={http://urn.kb.se/resolve?urn=urn:nbn:se:liu:diva-40734}, 
  abstractNote={As parallelism on different levels becomes ubiquitous in today’s computers, it seems worthwhile to provide a review of the wealth of models for parallel comput ation that have evolved over the last decades. We refrain from a comprehensive survey and concentrate on models with some practical relevance, together with a perspective on models with potential future relevance. Besides presenting the models, we also refer to languages, implementations, and tools.}, 
  journal={Mitteilungen - Gesellschaft für Informatik e.V., Parallel-Algorithmen und Rechnerstrukturen}, 
  author={Kessler, Christoph and Keller, Jörg}, 
  year={2007}, 
  pages={13–29}
}

@misc{mn4,
  title={MareNostrum 4 techincal information},
  organization={Barcelona Supercomputing Center},
  url={https://www.bsc.es/marenostrum/marenostrum/technical-information},
  note={accessed on 26/09/2020},
  urldate={26-09-2018}
}

@misc{tools,
  title={BSC tools website},
  organization={Barcelona Supercomputing Center},
  url={https://tools.bsc.es},
  note={accessed on 26/09/2020},
  urldate={26-09-2018}
}

@misc{intelmkl,
  title={Intel Math Kernel Library  website},
  organization={Intel},
  url={https://software.intel.com/content/www/us/en/develop/tools/math-kernel-library.html},
  note={accessed on 23/12/2020},
  urldate={23/12/2020}
}

@misc{tracedraw,
  author={Guillem Ramirez-Miranda},
  title={Tracedraw repository},
  url={https://github.com/teleportex/tracedraw.sty},
  note={accessed on 26/09/2020},
  urldate={26-09-2018}
}

@misc{extraeTools,
  title={BSC tools extrae website},
  organization={Barcelona Supercomputing Center},
  url={https://tools.bsc.es/extrae},
  note={accessed on 26/09/2020},
  urldate={26-09-2018}
}

@misc{paraverWeb,
  title={BSC tools paraver website},
  organization={Barcelona Supercomputing Center},
  url={https://tools.bsc.es/paraver},
  note={accessed on 26/09/2020},
  urldate={26-09-2018}
}


@article{alya,
    title={Alya: Towards Exascale for Engineering Simulation Codes},
    author={Mariano Vazquez and Guillaume Houzeaux and Seid Koric and Antoni Artigues and Jazmin Aguado-Sierra and Ruth Aris and Daniel Mira and Hadrien Calmet and Fernando Cucchietti and Herbert Owen and Ahmed Taha and Jose Maria Cela},
    year={2014},
    eprint={1404.4881},
    archivePrefix={arXiv},
    primaryClass={physics.comp-ph},
}

@article{mpi,
  title={MPI: a standard message passing interface},
  author={Walker, David W and Dongarra, Jack J},
  journal={Supercomputer},
  volume={12},
  pages={56--68},
  year={1996},
  publisher={ASFRA BV}
}

@inproceedings{paraverPaper,
  title={Paraver: A tool to visualize and analyze parallel code},
  author={Pillet, Vincent and Labarta, Jes{\'u}s and Cortes, Toni and Girona, Sergi},
  booktitle={Proceedings of WoTUG-18: transputer and occam developments},
  volume={44},
  number={1},
  pages={17--31},
  year={1995},
  organization={Citeseer}
}

@incollection{papi,
  title={Collecting performance data with PAPI-C},
  author={Terpstra, Dan and Jagode, Heike and You, Haihang and Dongarra, Jack},
  booktitle={Tools for High Performance Computing 2009},
  pages={157--173},
  year={2010},
  publisher={Springer}
}

@inproceedings{paperparaver,
  title={Performance study of HPC applications on an Arm-based cluster using a generic efficiency model},
  author={Banchelli, Fabio and Peiro, Kilian and Querol, Andrea and Ramirez-Gargallo, Guillem and Ramirez-Miranda, Guillem and Vinyals, Joan and Vizcaino, Pablo and Garcia-Gasulla, Marta and Mantovani, Filippo},
  booktitle={2020 28th Euromicro International Conference on Parallel, Distributed and Network-Based Processing (PDP)},
  pages={167--174},
  year={2020},
  organization={IEEE}
}

@misc{cantera,
    author = "David G. Goodwin and Raymond L. Speth and Harry K. Moffat
              and Bryan W. Weber",
    title = "Cantera: An Object-oriented Software Toolkit for Chemical
             Kinetics, Thermodynamics, and Transport Processes",
    year = 2018,
    note = "Version 2.4.0",
    howpublished = "\url{https://www.cantera.org}",
    doi = {10.5281/zenodo.1174508}
}

@article{gnumake,
  title={GNU Make-A Program for Directing Recompilation},
  author={Stallman, Richard M and McGrath, Roland},
  year={1991},
  publisher={Citeseer}
}

@inproceedings{slurm,
  title={Slurm: Simple linux utility for resource management},
  author={Yoo, Andy B and Jette, Morris A and Grondona, Mark},
  booktitle={Workshop on Job Scheduling Strategies for Parallel Processing},
  pages={44--60},
  year={2003},
  organization={Springer}
}

@article{extrae,
  title={Framework for a productive performance optimization},
  author={Servat, Harald and Llort, Germ{\'a}n and Huck, Kevin and Gim{\'e}nez, Judit and Labarta, Jes{\'u}s},
  journal={Parallel Computing},
  volume={39},
  number={8},
  pages={336--353},
  year={2013},
  publisher={Elsevier}
}

@inproceedings{dimemas,
  title={Validation of Dimemas communication model for MPI collective operations},
  author={Girona, Sergi and Labarta, Jes{\'u}s and Badia, Rosa M},
  booktitle={European Parallel Virtual Machine/Message Passing Interface Users’ Group Meeting},
  pages={39--46},
  year={2000},
  organization={Springer}
}

@inproceedings{basic_analysis,
  title={Automatic analysis of speedup of MPI applications},
  author={Casas, Marc and Badia, Rosa and Labarta, Jes{\'u}s},
  booktitle={Proceedings of the 22nd annual international conference on Supercomputing},
  pages={349--358},
  year={2008}
}

@misc{mn4userguide,
  title={MareNostrum4 User's Guide},
  organization={Barcelona Supercomputing Center},
  url={http://www.bsc.es/support/MareNostrum4-ug.pdf},
  note={accesed on 26/12/2020}
}

@article{ompss,
  title={Ompss: a proposal for programming heterogeneous multi-core architectures},
  author={Duran, Alejandro and Ayguad{\'e}, Eduard and Badia, Rosa M and Labarta, Jes{\'u}s and Martinell, Luis and Martorell, Xavier and Planas, Judit},
  journal={Parallel processing letters},
  volume={21},
  number={02},
  pages={173--193},
  year={2011},
  publisher={World Scientific}
}

@inproceedings{dlb,
  author={Garcia, M. and Corbalan, J. and Labarta, J.},
  booktitle={Parallel Processing, 2009. ICPP '09. International Conference on},
  title={LeWI: A Runtime Balancing Algorithm for Nested Parallelism},
  year={2009},
  month={Sept},
  pages={526-533},
  keywords={parallel programming;performance evaluation;resource allocation;LeWI algorithm;dynamic load balancing library;fine grain balancing;nested parallelism;noniterative application;parallel programming model;performance evaluation;Concurrent computing;Iterative algorithms;Load management;Load modeling;Parallel processing;Parallel programming;Programming profession;Runtime library;Testing;Yarn;Dynamic;Load balancing;MPI;OpenMP;Parallelism;Unbalance;hybrid applications;runtime},
  doi={10.1109/ICPP.2009.56},
  ISSN={0190-3918}
}

