@inproceedings{popMethod,
  title={A Structured Approach to Performance Analysis},
  author={Wagner, Michael and Mohr, Stephan and Gim{\'e}nez, Judit and Labarta, Jes{\'u}s},
  booktitle={International Workshop on Parallel Tools for High Performance Computing},
  pages={1--15},
  year={2017},
  organization={Springer}
}

@misc{popWeb,
  title={Performance Optimisation and Productivity},
  organization={POP-coe},
  url={https://pop-coe.eu/},
  note={accesed on 26/09/2020}

}

@article{programminModels, 
  title={Models for Parallel Computing: Review and Perspectives}, 
  volume={24}, 
  ISSN={0177-0454}, 
  url={http://urn.kb.se/resolve?urn=urn:nbn:se:liu:diva-40734}, 
  abstractNote={As parallelism on different levels becomes ubiquitous in today’s computers, it seems worthwhile to provide a review of the wealth of models for parallel comput ation that have evolved over the last decades. We refrain from a comprehensive survey and concentrate on models with some practical relevance, together with a perspective on models with potential future relevance. Besides presenting the models, we also refer to languages, implementations, and tools.}, 
  journal={Mitteilungen - Gesellschaft für Informatik e.V., Parallel-Algorithmen und Rechnerstrukturen}, 
  author={Kessler, Christoph and Keller, Jörg}, 
  year={2007}, 
  pages={13–29}
}

@misc{mn4,
  title={MareNostrum 4 techincal information},
  organization={Barcelona Supercomputing Center},
  url={https://www.bsc.es/marenostrum/marenostrum/technical-information},
  note={accessed on 26/09/2020},
  urldate={26-09-2018}
}

@misc{tools,
  title={BSC tools website},
  organization={Barcelona Supercomputing Center},
  url={https://tools.bsc.es},
  note={accessed on 26/09/2020},
  urldate={26-09-2018}
}

@misc{extraeTools,
  title={BSC tools extrae website},
  organization={Barcelona Supercomputing Center},
  url={https://tools.bsc.es/extrae},
  note={accessed on 26/09/2020},
  urldate={26-09-2018}
}

@misc{paraverWeb,
  title={BSC tools paraver website},
  organization={Barcelona Supercomputing Center},
  url={https://tools.bsc.es/paraver},
  note={accessed on 26/09/2020},
  urldate={26-09-2018}
}


@article{alya,
    title={Alya: Towards Exascale for Engineering Simulation Codes},
    author={Mariano Vazquez and Guillaume Houzeaux and Seid Koric and Antoni Artigues and Jazmin Aguado-Sierra and Ruth Aris and Daniel Mira and Hadrien Calmet and Fernando Cucchietti and Herbert Owen and Ahmed Taha and Jose Maria Cela},
    year={2014},
    eprint={1404.4881},
    archivePrefix={arXiv},
    primaryClass={physics.comp-ph},
}

@article{mpi,
  title={MPI: a standard message passing interface},
  author={Walker, David W and Dongarra, Jack J},
  journal={Supercomputer},
  volume={12},
  pages={56--68},
  year={1996},
  publisher={ASFRA BV}
}

@inproceedings{paraverPaper,
  title={Paraver: A tool to visualize and analyze parallel code},
  author={Pillet, Vincent and Labarta, Jes{\'u}s and Cortes, Toni and Girona, Sergi},
  booktitle={Proceedings of WoTUG-18: transputer and occam developments},
  volume={44},
  number={1},
  pages={17--31},
  year={1995},
  organization={Citeseer}
}

@incollection{papi,
  title={Collecting performance data with PAPI-C},
  author={Terpstra, Dan and Jagode, Heike and You, Haihang and Dongarra, Jack},
  booktitle={Tools for High Performance Computing 2009},
  pages={157--173},
  year={2010},
  publisher={Springer}
}

